@ARTICLE{test16,
	author={Meier, Peter},
	journal={Empty Journal},
	title={Nothing much},
	year={2016},
	volume={1},
	number={1},
	pages={1-3},
}
